@misc{rfc1035,
  author       = {P. Mockapetris},
  title        = {{Domain Names - Implementation and Specification}},
  howpublished = {RFC 1035},
  year         = {1987},
  month        = nov,
  publisher    = {RFC Editor},
  institution  = {Internet Engineering Task Force},
  doi          = {10.17487/RFC1035},
  url          = {https://datatracker.ietf.org/doc/html/rfc1035},
  key          = {RFC 1035}
}
@misc{dnsslides,
  author       = {S. G. Kulkarni},
  title        = {{DNS PROTOCOL, MESSAGES}},
  year         = {2025},
  month        = sep,
  institution  = {IIT Gandhinagar},
  howpublished = {Microsoft Teams},
}
