@misc{rfc1035,
  author       = {P. Mockapetris},
  title        = {{Domain Names - Implementation and Specification}},
  howpublished = {RFC 1035},
  year         = {1987},
  month        = nov,
  publisher    = {RFC Editor},
  institution  = {Internet Engineering Task Force},
  doi          = {10.17487/RFC1035},
  url          = {https://datatracker.ietf.org/doc/html/rfc1035},
  key          = {RFC 1035}
}
@misc{dnsslides,
  author       = {S. G. Kulkarni},
  title        = {{DNS PROTOCOL, MESSAGES}},
  year         = {2025},
  month        = sep,
  institution  = {IIT Gandhinagar},
  howpublished = {Microsoft Teams},
}

@misc{ServerFault_2011_traceroute,
  author       = {Larry and Sachin Divekar},
  title        = {What does ``***'' mean when traceroute},
  howpublished = {\url{https://serverfault.com/questions/334029/what-does-mean-when-traceroute}},
  year         = {2011},
  note         = {Stack Exchange, Question asked Nov 23, 2011; accessed 2025-09-15}
}

@misc{LinuxTracerouteMan,
  title        = {traceroute(8) — Linux manual page},
  howpublished = {\url{https://linux.die.net/man/8/traceroute}},
  note         = {Accessed 2025-09-15}
}

@misc{Carrigan2019_RedHat_Traceroute,
  author       = {Tyler Carrigan},
  title        = {Traceroute: Finding meaning among the stars},
  howpublished = {Red Hat Blog, \url{https://www.redhat.com/en/blog/traceroute-finding-meaning}},
  year         = {2019},
  month        = oct,
  day          = {30},
  url          = {https://www.redhat.com/en/blog/traceroute-finding-meaning},
  note         = {Accessed 2025-09-15}
}

@misc{systemd_issue19554_comment1409535760,
  author       = {sergey-safarov},
  title        = {Comment on issue \#19554: “resolve: force use TCP”},
  howpublished = {GitHub issue comment, \url{https://github.com/systemd/systemd/issues/19554\#issuecomment-1409535760}},
  month        = may,
  year         = {2021},
  note         = {Comment ID 1409535760, systemd/systemd repository},
  url          = {https://github.com/systemd/systemd/issues/19554\#issuecomment-1409535760}
}